<?xml version="1.0" encoding="UTF-8"?><collection xmlns="http://www.loc.gov/MARC21/slim"><record><leader>00402nam--2200145-i-4500</leader><controlfield tag="001">000038116</controlfield><controlfield tag="002">20161230</controlfield><controlfield tag="005">20161230201041</controlfield><controlfield tag="008">060222s1000------------r-----000-0-eng-d</controlfield><datafield ind1=" " ind2=" " tag="080"><subfield code="a">621.039.538</subfield></datafield><datafield ind1=" " ind2=" " tag="245"><subfield code="a">Reactor shielding design manual</subfield></datafield><datafield ind1=" " ind2=" " tag="260"><subfield code="a">London, Mcmillan And Co.Ltd.,1956. Xii + 481 P</subfield></datafield><datafield ind1=" " ind2=" " tag="490"><subfield code="a">Selected Referance Material From The Usaec</subfield></datafield><datafield ind1=" " ind2=" " tag="700"><subfield code="a">Teodore Rockwell</subfield></datafield><datafield ind1=" " ind2=" " tag="852"><subfield code="a">12981</subfield></datafield></record></collection>